@online{grafy_chartsjs,
    title = {Dokumentace charts.js},
    url = {https://www.chartjs.org/docs/}
}